@article{campbell_social_2018,
	title = {Social thermoregulation as a potential mechanism linking sociality and fitness: {Barbary} macaques with more social partners form larger huddles},
	volume = {8},
	copyright = {2018 The Author(s)},
	issn = {2045-2322},
	shorttitle = {Social thermoregulation as a potential mechanism linking sociality and fitness},
	url = {https://www.nature.com/articles/s41598-018-24373-4},
	doi = {10.1038/s41598-018-24373-4},
	language = {en},
	number = {1},
	urldate = {2021-02-22},
	journal = {Scientific Reports},
	author = {Campbell, Liz A. D. and Tkaczynski, Patrick J. and Lehmann, Julia and Mouna, Mohamed and Majolo, Bonaventura},
	month = apr,
	year = {2018},
	pages = {6074},
}
