
@inproceedings{simsEvolvingVirtualCreatures1994,
  title = {Evolving Virtual Creatures},
  booktitle = {Proceedings of the 21st Annual Conference on {{Computer}} Graphics and Interactive Techniques},
  author = {Sims, Karl},
  date = {1994-07-24},
  pages = {15--22},
  publisher = {{Association for Computing Machinery}},
  location = {{New York, NY, USA}},
  doi = {10.1145/192161.192167},
  url = {http://doi.org/10.1145/192161.192167},
  urldate = {2021-04-09},
  isbn = {978-0-89791-667-7},
  series = {{{SIGGRAPH}} '94}
}
% == BibLateX quality report for simsEvolvingVirtualCreatures1994:
% ? Unsure about the formatting of the booktitle



